% This file was created with JabRef 2.10b2.
% Encoding: UTF-8


@String { dummy  = {Letzte Zeile fuer Header} }
@String { iti    = {Institute for Technical Informatics} }
@String { tug    = {Graz University of Technology} }
@String { ititug = iti # {, } # tug }

@Book{,
  Title                    = {The Architecture of Computer Hardware, Systems software \& Networking},
  Author                   = {Irv Englander},
  Publisher                = {Wiley},
  Year                     = {2010},
  Edition                  = {4th Edition},

  Owner                    = {TU Graz, FB Inffeld},
  Timestamp                = {2015.12.27}
}

@Book{,
  Title                    = {VHDL-Synthese},
  Author                   = {JÃ¼rgen Reichardt, Bernd Schwarz},
  Publisher                = {Oldenbourg Verlag},
  Year                     = {2013},
  Edition                  = {6th Edition},

  Owner                    = {TU Graz, FB Inffeld},
  Timestamp                = {2015.12.27}
}

@Book{,
  Title                    = {PC-Hardware Superbibel - Das komplette Referenzwerk},
  Author                   = {Scott Mueller},
  Publisher                = {Markt+Technik},
  Year                     = {2003},
  Edition                  = {14th Edition},

  Owner                    = {TU Graz, FB Inffeld},
  Timestamp                = {2015.12.27}
}

@Book{,
  Title                    = {FPGAs World Class Designs},
  Editor                   = {Clive "Max" Maxfield},
  Publisher                = {Newnes},
  Year                     = {2009},

  Owner                    = {TU Graz, FB Inffeld},
  Timestamp                = {2015.12.27}
}

@Book{,
  Title                    = {Hardware Description Languages},
  Editor                   = {R.W.Hartenstein},
  Publisher                = {North-Holland},
  Year                     = {1987},
  Series                   = {Advances in CAD for VLSI},
  Volume                   = {7},

  Owner                    = {TU Graz, FB Inffeld},
  Timestamp                = {2015.12.27}
}

